<?xml version="1.0" encoding="UTF-8"?><record xmlns="http://www.loc.gov/MARC21/slim" xmlns:cinclude="http://apache.org/cocoon/include/1.0" xmlns:zs="http://www.loc.gov/zing/srw/">
  <leader>00674cz  a2200169n  4500</leader>
  <controlfield tag="001">no2009140133</controlfield>
  <controlfield tag="003">DLC</controlfield>
  <controlfield tag="005">20151212074052.0</controlfield>
  <controlfield tag="008">090903n| azannaabn          |n aaa     c</controlfield>
  <datafield tag="010" ind1=" " ind2=" ">
    <subfield code="a">no2009140133</subfield>
  </datafield>
  <datafield tag="035" ind1=" " ind2=" ">
    <subfield code="a">(OCoLC)oca08228812</subfield>
  </datafield>
  <datafield tag="040" ind1=" " ind2=" ">
    <subfield code="a">NjBlaOCU</subfield>
    <subfield code="b">eng</subfield>
    <subfield code="e">rda</subfield>
    <subfield code="c">NjBlaOCU</subfield>
    <subfield code="d">CSt</subfield>
  </datafield>
  <datafield tag="046" ind1=" " ind2=" ">
    <subfield code="f">1966</subfield>
    <subfield code="2">edtf</subfield>
  </datafield>
  <datafield tag="100" ind1="1" ind2=" ">
    <subfield code="a">Horn, Karen Ilse,</subfield>
    <subfield code="d">1966-</subfield>
  </datafield>
  <datafield tag="370" ind1=" " ind2=" ">
    <subfield code="c">Germany</subfield>
    <subfield code="2">naf</subfield>
  </datafield>
  <datafield tag="670" ind1=" " ind2=" ">
    <subfield code="a">Roads to wisdom, conversations with ten Nobel laureates in economics, c2009:</subfield>
    <subfield code="b">t.p. (Karen Ilse Horn; head of Berlin office, Institut der deutschen Wirtschaft KoĚln, Germany)</subfield>
  </datafield>
  <datafield tag="670" ind1=" " ind2=" ">
    <subfield code="a">OCLC, Sept. 1, 2009</subfield>
    <subfield code="b">(hdgs: Horn, Karen Ilse; Horn, Karen Ilse, 1966-; usage: Karen Horn; Karen Ilse Horn)</subfield>
  </datafield>
</record>